@article{ohlsson2020symmetry,
  author = {Ohlsson, Fredrik  and Borgqvist, Johannes  and Cvijovic, Marija },
  title = {Symmetry structures in dynamic models of biochemical systems},
  journal = {Journal of The Royal Society Interface},
  volume = {17},
  number = {168},
  year = {2020},
  doi = {10.1098/rsif.2020.0204},
}